<?xml version="1.0" encoding="UTF-8"?>
<collection xmlns:xsi="http://www.w3.org/2001/XMLSchema-instance" xsi:schemaLocation="http://www.loc.gov/MARC21/slim http://www.loc.gov/standards/marcxml/schema/MARC21slim.xsd" xmlns="http://www.loc.gov/MARC21/slim">
<record>
  <leader>01314mam a2200289 a 4500</leader>
  <controlfield tag="001">3372759</controlfield>
  <controlfield tag="003">NNC</controlfield>
  <controlfield tag="005">20151117185907.0</controlfield>
  <controlfield tag="008">900214s1927    ua            000 0 arard</controlfield>
  <datafield tag="035" ind1=" " ind2=" ">
    <subfield code="a">(OCoLC)ocm21065176</subfield>
  </datafield>
  <datafield tag="035" ind1=" " ind2=" ">
    <subfield code="9">AVD8478CU</subfield>
  </datafield>
  <datafield tag="035" ind1=" " ind2=" ">
    <subfield code="a">(NNC)3372759</subfield>
  </datafield>
  <datafield tag="035" ind1=" " ind2=" ">
    <subfield code="a">3372759</subfield>
  </datafield>
  <datafield tag="040" ind1=" " ind2=" ">
    <subfield code="a">IXA</subfield>
    <subfield code="c">IXA</subfield>
    <subfield code="d">OCL</subfield>
    <subfield code="d">NNC</subfield>
  </datafield>
  <datafield tag="090" ind1=" " ind2=" ">
    <subfield code="a">BP75</subfield>
    <subfield code="b">.J37 1927</subfield>
  </datafield>
  <datafield tag="100" ind1="1" ind2=" ">
    <subfield code="a">Jassūs, Muḥammad ibn Qāsim,</subfield>
    <subfield code="d">1678-1768.</subfield>
  </datafield>
  <datafield tag="245" ind1="1" ind2="0">
    <subfield code="a">Sharḥ al-shamāʾil al-Tirmidhīyah, al-mawsūm bi-al-Fawāʾid al-jalīlah al-bahīyah ʻalá al-shamāʾil al-Muḥammadīyah /</subfield>
    <subfield code="c">Muḥammad ibn Qāsim Jassūs.</subfield>
  </datafield>
  <datafield tag="250" ind1=" " ind2=" ">
    <subfield code="a">al-Ṭabʻah 1.</subfield>
  </datafield>
  <datafield tag="260" ind1=" " ind2=" ">
    <subfield code="a">[Cairo :</subfield>
    <subfield code="b">s.n.],</subfield>
    <subfield code="c">1927</subfield>
    <subfield code="e">([Cairo] :</subfield>
    <subfield code="f">Maktabat wa-Maṭbaʻat M.ʻA. Ṣabīḥ)</subfield>
  </datafield>
  <datafield tag="300" ind1=" " ind2=" ">
    <subfield code="a">2 v. in 1. ;</subfield>
    <subfield code="c">29 cm.</subfield>
  </datafield>
  <datafield tag="600" ind1="0" ind2="0">
    <subfield code="a">Muḥammad,</subfield>
    <subfield code="c">Prophet,</subfield>
    <subfield code="d">-632.</subfield>
  </datafield>
  <datafield tag="600" ind1="1" ind2="0">
    <subfield code="a">Tirmidhī, Muḥammad ibn ʻĪsá,</subfield>
    <subfield code="d">-892.</subfield>
    <subfield code="t">Shamāʼil al-Tirmidhī.</subfield>
  </datafield>
  <datafield tag="600" ind1="1" ind2="0">
    <subfield code="a">Būṣīrī, Sharaf al-Dīn Muḥammad ibn Saʻīd,</subfield>
    <subfield code="d">1213?-1296?</subfield>
    <subfield code="t">Hamzīyah fī madḥ Khayr al-Barīyah.</subfield>
  </datafield>
  <datafield tag="700" ind1="1" ind2="2">
    <subfield code="a">Binnīs, Muḥammad ibn Aḥmad,</subfield>
    <subfield code="d">approximately 1747-1798 or 1799.</subfield>
    <subfield code="t">Lawāmiʻ anwār al-kawkab al-durrī.</subfield>
  </datafield>
  <datafield tag="740" ind1="0" ind2=" ">
    <subfield code="a">Fawāʾid al-jalīlah al-bahīyah ʻalá al-shamāʾil al-Muḥammadīyah.</subfield>
  </datafield>
  <datafield tag="740" ind1="0" ind2=" ">
    <subfield code="a">Lawāmiʻ anwār al-kawkab al-durrī.</subfield>
  </datafield>
  <datafield tag="955" ind1=" " ind2=" ">
    <subfield code="b">0043159060</subfield>
    <subfield code="d">glx</subfield>
    <subfield code="e">893.792 T51</subfield>
    <subfield code="v">v.1-2</subfield>
  </datafield>
</record>
</collection>